<record><leader>00000cas a2200000 a 4500</leader><controlfield tag="001">27424382</controlfield><controlfield tag="008">930212d19111939caudn ne      0    0eng c</controlfield><datafield ind1=" " ind2=" " tag="010"><subfield code="a">sn 93059159 </subfield></datafield><datafield ind1=" " ind2=" " tag="040"><subfield code="a">MGN</subfield><subfield code="b">eng</subfield><subfield code="c">MGN</subfield><subfield code="d">CNK</subfield><subfield code="d">OCLCQ</subfield><subfield code="d">OCLCF</subfield><subfield code="d">OCLCO</subfield></datafield><datafield ind1="1" ind2=" " tag="029"><subfield code="a">AU@</subfield><subfield code="b">000020734008</subfield></datafield><datafield ind1=" " ind2=" " tag="042"><subfield code="a">pcc</subfield></datafield><datafield ind1=" " ind2=" " tag="043"><subfield code="a">n-us-ca</subfield></datafield><datafield ind1="0" ind2="0" tag="245"><subfield code="a">Santa Ana daily evening register.</subfield></datafield><datafield ind1="3" ind2="0" tag="246"><subfield code="a">Santa Ana daily evening register and the evening blade</subfield></datafield><datafield ind1="3" ind2="0" tag="246"><subfield code="a">Santa Ana daily evening register and Santa Ana daily news</subfield></datafield><datafield ind1="3" ind2="0" tag="246"><subfield code="a">Santa Ana register</subfield></datafield><datafield ind1="3" ind2="0" tag="246"><subfield code="a">Santa Ana daily evening register and the Santa Ana daily journal</subfield></datafield><datafield ind1=" " ind2=" " tag="260"><subfield code="a">Santa Ana, Calif. :</subfield><subfield code="b">Register Pub. Co.</subfield></datafield><datafield ind1=" " ind2=" " tag="300"><subfield code="a">v.</subfield></datafield><datafield ind1=" " ind2=" " tag="310"><subfield code="a">Daily (except Sun.)</subfield></datafield><datafield ind1="0" ind2=" " tag="362"><subfield code="a">Vol. 6, no. 106 (Apr. 1, 1911)-v. 34, no. 103 (Mar. 29, 1939).</subfield></datafield><datafield ind1=" " ind2=" " tag="500"><subfield code="a">"Daily" and "evening" appear within masthead ornament.</subfield></datafield><datafield ind1=" " ind2=" " tag="500"><subfield code="a">Published as: Santa Ana daily evening register and the evening blade, Mar. 18-Apr. 8, 1918.</subfield></datafield><datafield ind1=" " ind2=" " tag="500"><subfield code="a">Published as: Santa Ana daily evening register and Santa Ana daily news, Oct. 8, 1923-Oct. 1, 1924.</subfield></datafield><datafield ind1=" " ind2=" " tag="500"><subfield code="a">On Sunday published as: Santa Ana register, Dec. 18, 1927-Dec. 8, 1929.</subfield></datafield><datafield ind1=" " ind2=" " tag="500"><subfield code="a">Published as: Santa Ana daily evening register and the Santa Ana daily journal, Dec. 3, 1938-Mar. 29, 1939.</subfield></datafield><datafield ind1=" " ind2="0" tag="651"><subfield code="a">Santa Ana (Calif.)</subfield><subfield code="v">Newspapers.</subfield></datafield><datafield ind1=" " ind2="7" tag="655"><subfield code="a">Newspapers.</subfield><subfield code="2">fast</subfield><subfield code="0">(OCoLC)fst01423814</subfield></datafield><datafield ind1=" " ind2="7" tag="651"><subfield code="a">California</subfield><subfield code="z">Santa Ana.</subfield><subfield code="2">fast</subfield><subfield code="0">(OCoLC)fst01210538</subfield></datafield><datafield ind1=" " ind2=" " tag="752"><subfield code="a">United States</subfield><subfield code="b">California</subfield><subfield code="c">Orange</subfield><subfield code="d">Santa Ana.</subfield></datafield><datafield ind1="0" ind2=" " tag="775"><subfield code="t">Anaheim register</subfield><subfield code="w">(DLC)sn 97060834</subfield></datafield><datafield ind1="0" ind2="0" tag="780"><subfield code="t">Santa Ana daily register</subfield><subfield code="w">(DLC)sn 93053126</subfield></datafield><datafield ind1="0" ind2="5" tag="780"><subfield code="t">Evening blade (Santa Ana, Calif. : 1894)</subfield><subfield code="w">(DLC)sn2002060283</subfield></datafield><datafield ind1="0" ind2="5" tag="780"><subfield code="t">Santa Ana times</subfield><subfield code="w">(DLC)sn 00060427</subfield></datafield><datafield ind1="0" ind2="5" tag="780"><subfield code="t">Santa Ana journal</subfield><subfield code="w">(DLC)sn 93053127</subfield></datafield><datafield ind1="0" ind2="0" tag="785"><subfield code="t">Santa Ana register</subfield><subfield code="w">(DLC)sn 93053128</subfield></datafield></record>